
@article{sokalski-2012-optim-ta,
  author =	 {Vincent Sokalski and Matthew T. Moneck and En Yang and
                  Jian-Gang Zhu},
  title =	 {Optimization of Ta Thickness for Perpendicular Magnetic Tunnel
                  Junction Applications in the Mgo-Fecob-Ta System},
  journal =	 {Applied Physics Letters},
  volume =	 101,
  number =	 7,
  pages =	 072411,
  year =	 2012,
  doi =		 {10.1063/1.4746426},
  url =		 {http://dx.doi.org/10.1063/1.4746426},
}


@article{gao-2015-surfac,
  author =	 {Xin Gao and Ayokunle Omosebi and James Landon and Kunlei Liu},
  title =	 {Surface Charge Enhanced Carbon Electrodes for Stable and
                  Efficient Capacitive Deionization Using Inverted
                  Adsorption-desorption Behavior},
  journal =	 {Energy Environ. Sci.},
  volume =	 {nil},
  number =	 {nil},
  pages =	 {nil},
  year =	 2015,
  doi =		 {10.1039/c4ee03172e},
  url =		 {http://dx.doi.org/10.1039/C4EE03172E},
}


@article{olsen-2004-compar,
  author =	 {R. A. Olsen and G. J. Kroes and G. Henkelman and A. Arnaldsson
                  and H. J{\'o}nsson},
  title =	 {Comparison of Methods for Finding Saddle Points Without
                  Knowledge of the Final States},
  journal =	 {J. Chem. Phys.},
  volume =	 121,
  number =	 20,
  pages =	 9776,
  year =	 2004,
  doi =		 {10.1063/1.1809574},
  url =		 {http://dx.doi.org/10.1063/1.1809574},
}
