

@article{olsen-2004-compar-method,
  author =	 {R. A. Olsen and G. J. Kroes and G. Henkelman and
                  A. Arnaldsson and H. J{\'o}nsson},
  title =	 {Comparison of Methods for Finding Saddle Points
                  Without Knowledge of the Final States},
  journal =	 {The Journal of Chemical Physics},
  volume =	 121,
  number =	 20,
  pages =	 9776,
  year =	 2004,
  doi =		 {10.1063/1.1809574},
  url =		 {http://dx.doi.org/10.1063/1.1809574},
  date_added =	 {Tue Feb 9 09:40:22 2016},
}



@article{gamarra-2007-struc-activ,
  author =	 {D. Gamarra and G. Munuera and A.B. Hungria and
                  M. Fernandez-Garcia and J.C. Conesa and P.A. Midgley
                  and X.Q. Wang and J.C. Hanson and J.A. Rodriguez and
                  A. Martinez-Arias},
  title =	 {Structure-Activity Relationship in Nanostructured
                  Copper-Ceria-Based Preferential Co Oxidation
                  Catalysts},
  journal =	 {J. Phys. Chem. C},
  volume =	 111,
  number =	 29,
  pages =	 {11026-11038},
  year =	 2007,
  doi =		 {10.1021/jp072243k},
  url =		 {http://dx.doi.org/10.1021/jp072243k},
  date_added =	 {Tue Feb 9 09:50:45 2016},
}

